@article{DamImpl,
    author = "Tseng, Lynne",
    title = "{Implementation of a Digital Asset Management System using Human-Centered Design}",
    year = "2020",
    institute = "Rochester Institute of Technology",
    keywords = "DAM, implementation"
}

% @article {DamBusinessIntegration,
%     title = "Integrating DAM systems and processes within an organisation",
%     journal = "Journal of Digital Media Management",
%     parent_itemid = "infobike://hsp/jdmm",
%     publishercode ="hsp",
%     year = "2014",
%     volume = "2",
%     date ="2014-03-01T00:00:00",
%     pages = "298-302",
%     itemtype = "ARTICLE",
%     issn = "2047-1300",
%     eissn = "2047-1319",
%     url = "https://www.ingentaconnect.com/content/hsp/jdmm/2014/00000002/00000004/art00003",
%     keyword = "DAM systems, digital asset management, collaborative working, workflow, DAM",
%     author = "Contreras, Jacqueline"
% }
@article {DamBusinessIntegration,
    title = "Integrating DAM systems and processes within an organisation",
    journal = "Journal of Digital Media Management",
    year = "2014",
    pages = "298-302",
    itemtype = "ARTICLE",
    issn = "2047-1300",
    eissn = "2047-1319",
    % url = "https://www.ingentaconnect.com/content/hsp/jdmm/2014/00000002/00000004/art00003",
    keyword = "DAM systems, digital asset management, collaborative working, workflow, DAM",
    author = "Contreras, Jacqueline"
}
@article {DamEnterptiseIntegration,
    title = "Enterprise digital asset management system pilot: Lessons learned",
    journal = "Information Technology and Libraries",
    year = "2007",
    pages = "4-16",
    itemtype = "ARTICLE",
    DOI = "10.6017/ital.v26i4.3266",
    % url = "http://cel.webofknowledge.com/InboundService.do?customersID=Publons_CEL&smartRedirect=yes&mode=FullRecord&IsProductCode=Yes&product=CEL&Init=Yes&Func=Frame&action=retrieve&SrcApp=Publons&SrcAuth=Publons_CEL&SID=F4BuhZZkJeAPttgnpdG&UT=WOS\%3A000252722700001",
    keyword = "DAM systems, digital asset management, METADATA",
    author = "Kim, YM (reprint author)"
}
@article {HowToImplementDam,
title = "Culture first, technology second: How to implement a digital asset management (DAM) initiative with no DAM system",
journal = "Journal of Digital Media Management",
parent_itemid = "infobike://hsp/jdmm",
publishercode ="hsp",
year = "2020",
volume = "8",
number = "3",
pages = "194-200",
itemtype = "ARTICLE",
issn = "2047-1300",
eissn = "2047-1319",
keyword = "asset workflows, DAM, digital asset management, change behaviour, internal communications, organisational culture, user adoption",
author = "Anna, Jennifer",
}

@article{DamDevelopment,
author="Ahonen, Toni
and Hanski, Jyri
and Uusitalo, Teuvo",
editor="Liyanage, Jayantha P.
and Amadi-Echendu, Joe
and Mathew, Joseph",
title="Approach to Digital Asset Management Service Development",
booktitle="Engineering Assets and Public Infrastructures in the Age of Digitalization",
year="2020",
publisher="Springer International Publishing",
address="Cham",
pages="118--127",
isbn="978-3-030-48021-9"
}

@article {ProdServerlessEnv,
    title = "Evaluation of Production Serverless Computing Environments",
    conference = "PROCEEDINGS IEEE INTERNATIONAL CONFERENCE ON CLOUD COMPUTING (CLOUD) on July 02, 2018",
    year = "2018",
    pages = "442-450",
    itemtype = "Proceedings Paper",
    DOI = "10.1109/CLOUD.2018.00062",
    keyword = "FaaS; Serverless; Event-driven Computing; Amazon Lambda; Google Functions; Microsoft Azure Functions; IBM OpenWhisk",
    author = "Lee, H (Lee, Hyungro)"
}

@Inbook{ServerlessTrendsAndProblems,
author="Baldini, Ioana
and Castro, Paul
and Chang, Kerry
and Cheng, Perry
and Fink, Stephen
and Ishakian, Vatche
and Mitchell, Nick
and Muthusamy, Vinod
and Rabbah, Rodric
and Slominski, Aleksander
and Suter, Philippe",
editor="Chaudhary, Sanjay
and Somani, Gaurav
and Buyya, Rajkumar",
title="Serverless Computing: Current Trends and Open Problems",
bookTitle="Research Advances in Cloud Computing",
year="2017",
publisher="Springer Singapore",
address="Singapore",
pages="1--20",
isbn="978-981-10-5026-8",
doi="10.1007/978-981-10-5026-8_1",
}

@article {ServerlessFrameworks,
    title = "A Review of Serverless Frameworks",
    conference = "IEEE/ACM 7TH INTERNATIONAL CONFERENCE ON UTILITY AND CLOUD COMPUTING (UCC) in 2018",
    year = "2018",
    pages = "161-168",
    itemtype = "Proceedings Paper",
    DOI = "10.1109/UCC-Companion.2018.00051",
    keyword = "serverless; function-as-a-service; abstraction; provisioning; framework; review",
    author = "Kritikos, K (Kritikos, Kyriakos)"
}

@Inbook{NoSqlDesignEvolution,
author="Scherzinger, Stefanie
and Sidortschuck, Sebastian",
editor="Dobbie, Gillian
and Frank, Ulrich
and Kappel, Gerti
and Liddle, Stephen W.
and Mayr, Heinrich C.",
title="An Empirical Study on the Design and Evolution of NoSQL Database Schemas",
booktitle="Conceptual Modeling",
year="2020",
publisher="Springer International Publishing",
address="Cham",
pages="441--455",
isbn="978-3-030-62522-1"
}

@article {NoSqlDesign,
    title = "Database Design for NoSQL Systems",
    conference = "Conceptual Modeling in 2014",
    year = "2014",
    pages = "223-231",
    itemtype = "Proceedings Paper",
    keyword = "SQL",
    author = "Bugiotti, F (Bugiotti, Francesca)"
}

@thesis {DamAwsAnreyYuldashev,
    title = "Система управления цифровыми активами для организации хранения файлов с архитектурой, размещённой в облаке AWS (Amazon Web Services)",
    conference = "Гагаринские чтения МАИ",
    year = "2021",
    pages = "478-479",
    itemtype = "thesis",
    author = "Юлдашев Андрей Алишерович, Романенков Александр Михайлович",
    url = "https://gagarin.mai.ru/files/2021/abstracts2021.pdf"
}
@Inbook{CloudSecurity,
author="Calles, Miguel A.",
title="Introduction to Cloud Computing Security",
bookTitle="Serverless Security: Understand, Assess, and Implement Secure and Reliable Applications in AWS, Microsoft Azure, and Google Cloud",
year="2020",
publisher="Apress",
address="Berkeley, CA",
pages="1--13",
isbn="978-1-4842-6100-2",
doi="10.1007/978-1-4842-6100-2_1",
}
@Inbook{MicrosoftServerlessOnAws,
author="Pothecary, Ryan",
title="Serverless",
bookTitle="Running Microsoft Workloads on AWS: Active Directory, Databases, Development, and More",
year="2021",
publisher="Apress",
address="Berkeley, CA",
pages="139--159",
isbn="978-1-4842-6628-1",
doi="10.1007/978-1-4842-6628-1_6",
}
@Inbook{ServerlessNodeJs,
author="Mardan, Azat",
title="Serverless Node with AWS Lambda",
bookTitle="Practical Node.js: Building Real-World Scalable Web Apps",
year="2018",
publisher="Apress",
address="Berkeley, CA",
pages="473--494",
isbn="978-1-4842-3039-8",
doi="10.1007/978-1-4842-3039-8_16",
}
@Inbook{AwsCostsManagement,
author="Singh, Himanshu",
title="AWS Pricing and Cost Management",
bookTitle="Practical Machine Learning with AWS : Process, Build, Deploy, and Productionize Your Models Using AWS",
year="2021",
publisher="Apress",
address="Berkeley, CA",
pages="29--44",
isbn="978-1-4842-6222-1",
doi="10.1007/978-1-4842-6222-1_2",
}
@Inbook{AwsCloud,
author="Stigler, Maddie",
title="Amazon Web Services",
bookTitle="Beginning Serverless Computing: Developing with Amazon Web Services, Microsoft Azure, and Google Cloud",
year="2018",
publisher="Apress",
address="Berkeley, CA",
pages="41--81",
isbn="978-1-4842-3084-8",
doi="10.1007/978-1-4842-3084-8_3",
}
@article {NoSQLFramework,
title = "Uniform Query Framework for Relational and NoSQL Databases",
journal = "Computer Modeling in Engineering and Sciences",
parent_itemid = "infobike://tsp/cmes",
publishercode ="tsp",
year = "2017",
volume = "113",
number = "2",
pages = "171-181",
itemtype = "ARTICLE",
issn = "1526-1492",
keyword = "RDBMS, inter-database joins, Calcite, NoSQL, MySQL, MongoDB, data tetrieval, SQL, Cassandra",
author = "Karanjekar, J.B. and Chandak, M.B.",
}
@article {NoSqlDataPartition,
title = "Optimizing data partition for scaling out NoSQL cluster",
journal = "Concurrency and Computation: Practice and Experience",
parent_itemid = "infobike://bpl/cacpae",
publishercode ="bp",
year = "2015",
volume = "27",
number = "18",
pages = "5793-5809",
itemtype = "ARTICLE",
issn = "1532-0626",
eissn = "1532-0634",
doi = "doi:10.1002/cpe.3643",
keyword = "NoSQL, heterogeneous nodes, consistent hashing, data partition",
author = "Huang, Xiangdong and Wang, Jianmin and Zhong, Yu and Song, Shaoxu and Yu, Philip S."
}
@article {DigitalAssetManagement,
title = "Digital asset management, media asset management, and content management: From confusion to clarity",
journal = "Journal of Digital Asset Management",
year = "2005",
pages = "1743-6559",
itemtype = "ARTICLE",
doi = "https://doi.org/10.1057/palgrave.dam.3640008",
keyword = "digital asset management",
author = "Wager, Skiff"
}
@article {NoSqlForEnterprise,
title = "What Can NoSQL Serve an Enterprise",
journal = "Journal of Systems Integration",
parent_itemid = "infobike://doaj/18042724",
publishercode ="doaj",
year = "2015",
volume = "6",
number = "3",
pages = "44-49",
itemtype = "ARTICLE",
issn = "1804-2724",
author = "Helena Palovsk"
}








@online{whatIsDamSys,
    title = "What is digital asset management",
    url  = "https://www.bynder.com/en/what-is-digital-asset-management/",
    addendum = "(дата обращения: 06.07.2021)",
    keywords = "DAM"
}

@online{SergeyPhomin,
    title = "Где бизнесу работать с фото и видео: сравниваем Яндекс.Диск и корпоративный софт для управления медиаконтентом",
    url  = "https://vc.ru/services/146297-gde-biznesu-rabotat-s-foto-i-video-sravnivaem-yandeks-disk-i-korporativnyy-soft-dlya-upravleniya-mediakontentom",
    addendum = "(дата обращения: 06.07.2021)",
    keywords = "DAM, russian DAM"
}
@online{AwsServerless,
    title = "AWS Serverless",
    url  = "https://aws.amazon.com/serverless/",
    addendum = "(дата обращения: 06.07.2021)",
    keywords = "AWS, Amazon, Web Services, Serverless"
}
@online{AwsDynamoDB,
    title = "AWS DynamoDB",
    url  = "https://aws.amazon.com/dynamodb/",
    addendum = "(дата обращения: 06.07.2021)",
    keywords = "AWS, Amazon, Web Services, NoSQL, DynamoDB"
}
@online{CloudGuruCourses,
    title = "CloudGuru DynamoDB Data Modeling",
    url  = "https://acloudguru.com/course/amazon-dynamodb-data-modeling",
    addendum = "(дата обращения: 06.07.2021)",
    keywords = "AWS, Amazon, Web Services, NoSQL, DynamoDB, CloudGuru, course"
}
@online{AwsDynamoDBGsi,
    title = "Using Global Secondary Indexes in DynamoDB",
    url  = "https://docs.aws.amazon.com/amazondynamodb/latest/developerguide/GSI.html",
    addendum = "(дата обращения: 06.07.2021)",
    keywords = "AWS, Amazon, Web Services, NoSQL, DynamoDB, GSI"
}
@online{AwsSecurity,
    title = "AWS Cloud Security",
    url  = "https://aws.amazon.com/security/",
    addendum = "(дата обращения: 06.07.2021)",
    keywords = "AWS, Amazon, Web Services, Security, Cloud"
}
@online{AwsLambda,
    title = "AWS Lambda",
    url  = "https://aws.amazon.com/lambda/",
    addendum = "(дата обращения: 06.07.2021)",
    keywords = "AWS, Amazon, Web Services, Lambda, Serverless"
}
@online{AwsS3,
    title = "AWS Simple Storage Service",
    url  = "https://aws.amazon.com/s3/",
    addendum = "(дата обращения: 06.07.2021)",
    keywords = "AWS, Amazon, Web Services, S3, Storage"
}
@online{AwsGateway,
    title = "AWS API Gateway",
    url  = "https://aws.amazon.com/api-gateway/",
    addendum = "(дата обращения: 06.07.2021)",
    keywords = "AWS, Amazon, Web Services, API, Gateway"
}
@online{DamAndAi,
    title = "How AI Will Reinvent Digital Asset Management",
    url  = "https://merlinone.com/how-ai-will-reinvent-digital-aset-management/",
    addendum = "(дата обращения: 06.07.2021)",
    keywords = "DAM, AI"
}
@online{MySourceCode,
    title = "Cloud-native DAM system with automated deployment to AWS cloud (Source Code)",
    url  = "https://github.com/ChildOfJustice/Cloud-Native_DAM",
    addendum = "(дата обращения: 15.03.2022)"
}


% @book{dirac,
%     title = {The Principles of Quantum Mechanics},
%     author = {Paul Adrien Maurice Dirac},
%     isbn = {9780198520115},
%     series = {International series of monographs on physics},
%     year = {1981},
%     publisher = {Clarendon Press},
%     keywords = {physics}
% }

% @online{whatIsDamSys,
%     author = "Donald Knuth",
%     title = "Knuth: Computers and Typesetting",
%     url  = "http://www-cs-faculty.stanford.edu/~uno/abcde.html",
%     addendum = "(дата обращения: 01.09.2016)",
%     keywords = "latex,knuth"
% }
...